@MISC{website:1,
    howpublished = "\url{https://en.wikipedia.org/wiki/Tree_(graph_theory)}",
    title = "Tree (graph theory)",
    note = "Accessed on 2022-11-25"
}

@MISC{website:2,
    howpublished = "\url{https://www.geeksforgeeks.org/max-flow-problem-introduction/}",
    title = "Max Flow Problem Introduction",
    note = "Accessed on 2022-11-25"
}

 @book{CLRS,
    place={Cambridge},
    edition={4},
    title={Introduction to algorithms},
    publisher={The MIT Press},
    author={Cormen, Thomas H. and Leiserson, Charles Eric and Rivest, Ronald L. and Stein, Clifford},
    year={2022}
} 