@MISC{website:1,
    howpublished = "\url{https://www.baeldung.com/cs/lower-bound-vs-tight-bound}",
    author = "Luca, Gabriele De",
    title = "The difference between lower bound and tight bound",
    note = "Accessed on 2022-09-11"
}

@MISC{website:2,
    howpublished = "\url{https://en.wikipedia.org/wiki/List_of_mathematical_series}",
    title = "List of mathematical series",
    note = "Accessed on 2022-09-11"
}

@MISC{website:3,
    howpublished = "\url{https://stackoverflow.com/questions/27655955/why-does-binary-search-algorithm-use-floor-and-not-ceiling-not-in-an-half-open}",
    note = "Accessed on 2022-09-11"
}