@MISC{website:1,
    howpublished = "\url{https://brilliant.org/wiki/turing-machines/}",
    title = "Turing Machines",
    note = "Accessed on 2022-09-27"
}

@MISC{website:2,
    howpublished = "\url{https://en.wikipedia.org/wiki/Transitive_relation}",
    title = "Transitive Relation",
    note = "Accessed on 2022-09-27"
}

@MISC{website:3,
    howpublished = "\url{https://en.wikipedia.org/wiki/Pigeonhole_principle#Uses_and_applications}",
    title = "Pigeonhole principle",
    note = "Accessed on 2022-09-28"
}

@MISC{website:4,
    howpublished = "\url{https://proofwiki.org/wiki/Definition:Proper_Coloring}",
    title = "Definition:Proper Coloring",
    note = "Accessed on 2022-09-28"
}

@MISC{website:5,
    howpublished = "\url{https://sites.math.rutgers.edu/~ajl213/CLRS/Ch34.pdf}",
    title = "Ch34",
    note = "Accessed on 2022-09-28"
}

@MISC{website:6,
    howpublished = "\url{https://en.wikipedia.org/wiki/Set_cover_problem}",
    title = "Set cover problem",
    note = "Accessed on 2022-09-29"
}

@MISC{website:7,
    howpublished = "\url{https://courses.cs.washington.edu/courses/csep531/09wi/handouts/sol3.pdf}",
    title = "sol3.pdf",
    note = "Accessed on 2022-09-29"
}