@MISC{website:1,
    howpublished = "\url{https://cs.gmu.edu/~lifei/teaching/cs684spring17/lec9.pdf}",
    title = "Lecture 9",
    note = "Accessed on 2022-11-25"
}

 @book{CLRS,
    place={Cambridge},
    edition={4},
    title={Introduction to algorithms},
    publisher={The MIT Press},
    author={Cormen, Thomas H. and Leiserson, Charles Eric and Rivest, Ronald L. and Stein, Clifford},
    year={2022}
} 