@MISC{website:1,
    howpublished = "\url{https://brilliant.org/wiki/master-theorem/}",
    title = "Master Theorem",
    note = "Accessed on 2022-10-22"
}

@MISC{website:2,
    howpublished = "\url{https://brilliant.org/wiki/avl-tree/}",
    title = "AVL Tree",
    note = "Accessed on 2022-10-22"
}

@MISC{website:3,
    howpublished = "\url{https://sites.math.rutgers.edu/~ajl213/CLRS/Ch9.pdf}",
    title = "Rutgers Math",
    note = "Accessed on 2022-10-22"
}
