@MISC{website:1,
    howpublished = "\url{https://www.cs.princeton.edu/courses/archive/fall02/cs341/lec22.pdf}",
    title = "Random Variables",
    note = "Accessed on 2022-10-09"
}

@MISC{website:2,
    howpublished = "\url{https://en.wikipedia.org/wiki/List_of_mathematical_series}",
    title = "List of mathematical series",
    note = "Accessed on 2022-10-09"
}

@MISC{website:3,
    howpublished = "\url{https://brilliant.org/wiki/radix-sort/}",
    title = "Radix Sort",
    note = "Accessed on 2022-10-09"
}

@MISC{website:4,
    howpublished = "\url{https://www.geeksforgeeks.org/heap-sort/}",
    title = "Heap Sort",
    note = "Accessed on 2022-10-09"
}

@MISC{website:5,
    howpublished = "\url{https://www.tutorialspoint.com/what-is-fisher-yates-shuffle-in-javascript}",
    title = "Fisher Yates Shuffle",
    note = "Accessed on 2022-10-09"
}

@MISC{website:6,
    howpublished = "\url{https://www.interviewcake.com/concept/javascript/counting-sort}",
    title = "Counting Sort",
    note = "Accessed on 2022-10-09"
}

 @book{CLRS,
    place={Cambridge},
    edition={4},
    title={Introduction to algorithms},
    publisher={The MIT Press},
    author={Cormen, Thomas H. and Leiserson, Charles Eric and Rivest, Ronald L. and Stein, Clifford},
    year={2022}
} 