@MISC{website:1,
    howpublished = "\url{https://sites.math.rutgers.edu/~ajl213/CLRS/CLRS.html}",
    title = "Rutgers Math",
    note = "Accessed on 2022-10-22"
}

@MISC{website:2,
    howpublished = "\url{https://walkccc.me/CLRS}",
    title = "WalkCCC",
    note = "Accessed on 2022-10-22"
}

@MISC{website:3,
    howpublished = "\url{https://en.wikipedia.org/wiki/Dynamic_array}",
    title = "Wikipedia Dynamic Arrays",
    note = "Accessed on 2022-10-22"
}

@MISC{website:4,
    howpublished = "\url{https://cs.stackexchange.com/questions/30543/what-is-the-intuition-behind-the-potential-function-in-amortized-analysis-of-som}",
    title = "StackExchange Potential Function Intuition",
    note = "Accessed on 2022-10-22"
}

@MISC{website:5,
    howpublished = "\url{https://www.interviewcake.com/concept/java/dynamic-array-amortized-analysis}",
    title = "Dynamic Array Amortized Analysis",
    note = "Accessed on 2022-10-22"
}

@MISC{website:6,
    howpublished = "\url{https://fileadmin.cs.lth.se/cs/Personal/Rolf_Karlsson/tut4.pdf}",
    title = "Tutorial 4",
    note = "Accessed on 2022-10-22"
}

@MISC{website:7,
    howpublished = "\url{https://courses.cs.duke.edu/summer02/cps130/Homeworks/Solutions/H17-solution.pdf}",
    title = "Duke CS",
    note = "Accessed on 2022-10-22"
}

@MISC{website:8,
    howpublished = "\url{https://www.cs.cmu.edu/~15451-s15/LectureNotes/lecture06/sleator-notes.pdf}",
    title = "Notes on Amortization",
    note = "Accessed on 2022-10-22"
}

 @book{CLRS,
    place={Cambridge},
    edition={4},
    title={Introduction to algorithms},
    publisher={The MIT Press},
    author={Cormen, Thomas H. and Leiserson, Charles Eric and Rivest, Ronald L. and Stein, Clifford},
    year={2022}
} 